<record><leader>00000cas a22000007a 4500</leader><controlfield tag="001">20676716</controlfield><controlfield tag="008">891120c19899999mduwn ne      0    0eng d</controlfield><datafield ind1=" " ind2=" " tag="010"><subfield code="a">sn 89060338 </subfield></datafield><datafield ind1=" " ind2=" " tag="040"><subfield code="a">MFN</subfield><subfield code="b">eng</subfield><subfield code="c">MFN</subfield><subfield code="d">OCLCQ</subfield></datafield><datafield ind1=" " ind2=" " tag="042"><subfield code="a">msc</subfield></datafield><datafield ind1="0" ind2="4" tag="245"><subfield code="a">The Charles County times-crescent.</subfield></datafield><datafield ind1="1" ind2="7" tag="246"><subfield code="a">Times-crescent</subfield></datafield><datafield ind1=" " ind2=" " tag="260"><subfield code="a">La Plata, Md. :</subfield><subfield code="b">Free State Communications, Inc.</subfield></datafield><datafield ind1=" " ind2=" " tag="300"><subfield code="a">v.</subfield></datafield><datafield ind1=" " ind2=" " tag="310"><subfield code="a">Weekly (except week between Christmas and News Year's)</subfield></datafield><datafield ind1="0" ind2=" " tag="362"><subfield code="a">[Vol. 146, no. 30] (July 26, 1989)-</subfield></datafield><datafield ind1=" " ind2=" " tag="752"><subfield code="a">United States</subfield><subfield code="b">Maryland</subfield><subfield code="c">Charles</subfield><subfield code="d">La Plata.</subfield></datafield><datafield ind1="0" ind2="0" tag="780"><subfield code="t">Times-crescent (La Plata, Md. : 1971)</subfield><subfield code="w">(DLC)sn 90057149</subfield></datafield></record>